
@unpublished{slapik_characterization_2018,
	location = {Philadelphia, {USA}},
	title = {A Characterization of Language Impairment in Cerebellar Ataxia},
	type = {Poster Session},
	howpublished = {Poster Session},
	note = {National Ataxia Foundation’s 8th Ataxia Investigators Meeting},
	author = {Slapik, Mitchell B. and Pietrowski, Jessica and Morgan, Owen P. and Bloes, Ryan and Kronemer, Sharif I. and Rosenthal, Liana and Marvel, Cherie L.},
	date = {2018-04},
}

@unpublished{laconte_harnessing_2019,
	location = {Rome, Italy},
	title = {Harnessing the Imagined: Developing Motor Imagery for Real-time {fMRI}-based Therapy},
	type = {Poster Session},
	howpublished = {Poster Session},
	note = {Organization for Human Brain Mapping Annual Meeting},
	author = {{LaConte}, Stephen and Lisinski, Jonathan and Morgan, Owen P. and Marvel, Cherie L.},
	date = {2019-06},
}

@unpublished{morgan_motor-cognitive_2019,
	location = {Washington, {DC}, {USA}},
	title = {Motor-Cognitive Multitasking in Machado-Joseph's Disease},
	type = {Poster Session},
	howpublished = {Poster Session},
	note = {International {MJD} Research Conference},
	author = {Morgan, Owen P. and Slapik, Mitchell B. and Kronemer, Sharif I. and Bloes, Ryan D. and Hunt, Kira and Rubin, Leah H. and Rosenthal, Liana I. and Marvel, Cherie L.},
	date = {2019-11},
}

@unpublished{morgan_motor-cognitive_2018,
	location = {Philadelphia, {USA}},
	title = {Motor-Cognitive Multitasking in Cerebellar Ataxia},
	type = {Poster Session},
	howpublished = {Poster Session},
	note = {National Ataxia Foundation’s 8th Ataxia Investigators Meeting},
	author = {Morgan, Owen and Slapik, Mitchell B. and Kronemer, Sharif I. and Rubin, Leah H. and Mandel, Jordan A. and Bloes, Ryan and Hunt, Kira and Rosenthal, Liana and Marvel, Cherie L.},
	date = {2018-04},
}

@unpublished{marvel_fmri_2018,
	location = {San Diego, {USA}},
	title = {An {fMRI} study of Cognition in Early Post-Treatment Lyme Disease},
	type = {Poster Session},
	howpublished = {Poster Session},
	note = {Society for Neuroscience},
	author = {Marvel, Cherie L. and Creighton, Jason A. and Morgan, Owen P. and Slapik, Mitchell B. and Rebman, A. W. and Novak, C. B. and Mihm, E.A. and Aucott, John N.},
	date = {2018-05},
}

@unpublished{xiao_broadband_2016,
	location = {San Diego, {USA}},
	title = {Broadband gamma activity in the formation of a conscious visual experience in humans},
	type = {Poster Session},
	howpublished = {Poster Session},
	note = {Society for Neuroscience},
	author = {Xiao, Wendy R. and Kronemer, Sharif I. and Gober, Leah and Smith, Rachel E. and Wafa, Adil S. and Raja, Anusha and Morse, Elliot C. and Watsky, Rebecca E. and Horien, Corey L. and Saberski, Erik and Morgan, Owen P. and Touloumes, George J. and Chen, William C. and Spencer, Dennis D. and Gerrard, Jason L. and Blumenfeld, Hal},
	date = {2016-11},
}

@unpublished{kronemer_intracranial_2016,
	location = {San Diego, {USA}},
	title = {Intracranial cortical event-related potentials and alpha wave gating of visual consciousness},
	type = {Poster Session},
	howpublished = {Poster Session},
	note = {Society for Neuroscience},
	author = {Kronemer, Sharif I. and Xiao, Wendy R. and Gober, Leah and Smith, Rachel E. and Wafa, Adil S. and Raja, Anusha and Morse, Elliot C. and Watsky, Rebecca E. and Horien, Corey L. and Saberski, Erik and Morgan, Owen P. and Touloumes, George J. and Chen, William C. and Spencer, Dennis D. and Gerrard, Jason L. and Blumenfeld, Hal},
	date = {2016-11},
}

@unpublished{wafa_machine_2016,
	location = {San Diego, {USA}},
	title = {Machine learning to predict pupillary dynamics in conscious visual perception},
	type = {Poster Session},
	howpublished = {Poster Session},
	note = {Society for Neuroscience},
	author = {Wafa, Adil S. and Kiely, Bridget and Xiao, Wendy R. and Chen, William C. and Gober, Leah M. and Prince, Jacob S. and Kronemer, Sharif I. and Saberski, Erik and Morgan, Owen P. and Ding, Jackson and {McGinley}, Matthew J. and {McCormick}, David A. and Blumenfel, Hal},
	date = {2016-11},
}

@unpublished{ding_machine_2017,
	location = {Washington, {DC}, {USA}},
	title = {Machine learning to predict conscious visual perception using pupillary dynamics},
	type = {Poster Session},
	howpublished = {Poster Session},
	note = {Society for Neuroscience},
	author = {Ding, Jackson and Prince, Jacob S. and Forman, Sarit and Morgan, Owen P. and Zhao, Weige and Wafa, Adil S. and Chen, William C. and Xiao, Wendy R. and Kronemer, Sharif I. and Christison-Lagay, Kate and Steinerberger, Stefan and {McGinley}, Matthew J. and {McCormick}, David A. and Blumenfel, Hal},
	date = {2017-11},
}

@unpublished{morgan_motor_2021,
	location = {Virtual},
	title = {Motor and Cognitive Sequencing in Cerebellar Ataxia},
	type = {Poster Session},
	howpublished = {Poster Session},
	note = {National Ataxia Foundation’s 9th Ataxia Investigators Meeting},
	author = {Morgan, Owen P. and Slapik, Mitchell B. and Iannuzzelli, Katherine G. and {LaConte}, Stephen M. and Lisinski, Jonathan M. and Nopoulos, Peg C. and Cochran, Ashley and Rosenthal, Liana S. and Marvel, Cherie L.},
	date = {2021-05},
}
