
@unpublished{morgan_motor-cognitive_2019,
	location = {Washington, {DC}, {USA}},
	title = {Motor-cognitive multitasking in Machado-Joseph's disease},
	type = {Poster Session},
	howpublished = {Poster Session},
	note = {International {MJD} Research Conference},
	author = {Morgan, Owen P. and Slapik, Mitchell B. and Kronemer, Sharif I. and Bloes, Ryan D. and Hunt, Kira and Rubin, Leah H. and Rosenthal, Liana I. and Marvel, Cherie L.},
	date = {2019-11},
}

@unpublished{morgan_motor-cognitive_2018,
	location = {Philadelphia, {USA}},
	title = {Motor-cognitive multitasking in cerebellar ataxia},
	type = {Poster Session},
	howpublished = {Poster Session},
	note = {National Ataxia Foundation’s 8th Ataxia Investigators Meeting},
	author = {Morgan, Owen and Slapik, Mitchell B. and Kronemer, Sharif I. and Rubin, Leah H. and Mandel, Jordan A. and Bloes, Ryan and Hunt, Kira and Rosenthal, Liana and Marvel, Cherie L.},
	date = {2018-04},
}

@unpublished{morgan_motor_2021,
	location = {Virtual},
	title = {Motor and cognitive sequencing in cerebellar ataxia},
	type = {Poster Session},
	howpublished = {Poster Session},
	note = {National Ataxia Foundation’s 9th Ataxia Investigators Meeting},
	author = {Morgan, Owen P. and Slapik, Mitchell B. and Iannuzzelli, Katherine G. and {LaConte}, Stephen M. and Lisinski, Jonathan M. and Nopoulos, Peg C. and Cochran, Ashley and Rosenthal, Liana S. and Marvel, Cherie L.},
	date = {2021-05},
}