
@inproceedings{morgan_frequency_2023,
	title = {Frequency Asymmetries in Vision and Action},
	volume = {45},
	url = {https://escholarship.org/uc/item/1cm96186},
	booktitle = {Proceedings of the Annual Meeting of the Cognitive Science Society},
	author = {Morgan, Owen P. and Casasanto, Daniel},
	date = {2023-07},
}
