
@unpublished{slapik_visuospatial_2017,
	location = {Johns Hopkins University, Baltimore, {USA}},
	title = {Visuospatial organization and recall in cerebellar ataxia},
	type = {Talk presented at Sensorimotor Day},
	howpublished = {Talk presented at Sensorimotor Day},
	author = {Slapik, Mitchell B. and Kronemer, Sharif I. and Morgan, Owen P. and Bloes, Ryan D. and Lieberman, Seth and Mandel, Jordan A. and Rosenthal, Liana I. and Marvel, Cherie L.},
	date = {2017-01},
}

@unpublished{slapik_language_2018,
	location = {Baltimore, {USA}},
	title = {Language abilities in cerebellar ataxia},
	type = {Presentation to the faculty and staff of the Johns Hopkins Ataxia Clinic},
	howpublished = {Presentation to the faculty and staff of the Johns Hopkins Ataxia Clinic},
	author = {Slapik, Mitchell B. and Morgan, Owen P. and Marvel, Cherie L.},
	date = {2018},
}

@unpublished{slapik_timing_2018,
	location = {San Diego, {USA}},
	title = {Timing and sequencing in cerebellar ataxia},
	type = {Nanosymposium Session},
	howpublished = {Nanosymposium Session},
	note = {Society for Neuroscience},
	author = {Slapik, Mitchell B. and Morgan, Owen P. and Creighton, Jason A. and {LaConte}, Stephen M. and Lisinski, Jonathan M. and Marvel, Cherie L.},
	date = {2018-11},
}

@unpublished{marvel_cerebro-cerebellar_2018,
	location = {Anchorage, {USA}},
	title = {Cerebro-cerebellar contributions to working memory in early Lyme disease},
	type = {Oral Session},
	howpublished = {Oral Session},
	note = {International Society of Behavioral Neuroscience},
	author = {Marvel, Cherie L. and Creighton, Jason A. and Morgan, Owen P. and Slapik, Mitchell B. and Mihm, E.A. and Rebman, A. W. and Aucott, John N.},
	date = {2018},
}

@unpublished{xiao_organized_2016,
	location = {Buenos Aires, Argentina},
	title = {An organized wave of intracranial broadband gamma activity during the first second of conscious visual perception},
	type = {Talk},
	howpublished = {Talk},
	note = {{ASSC} 20},
	author = {Xiao, Wendy R. and Kronemer, Sharif I. and Gober, Leah and Smith, Rachel E. and Wafa, Adil S. and Raja, Anusha and Morse, Elliot C. and Watsky, Rebecca E. and Horien, Corey L. and Saberski, Erik and Morgan, Owen P. and Touloumes, George J. and Chen, William C. and Spencer, Dennis D. and Gerrard, Jason L. and Blumenfeld, Hal},
	date = {2016-06},
}

@unpublished{kronemer_cortical_2016,
	location = {Buenos Aires, Argentina},
	title = {The cortical event-related potential and alpha wave signatures for visual consciousness},
	type = {Talk},
	howpublished = {Talk},
	note = {{ASSC} 20},
	author = {Kronemer, Sharif I. and Xiao, Wendy R. and Gober, Leah and Smith, Rachel E. and Wafa, Adil S. and Raja, Anusha and Morse, Elliot C. and Watsky, Rebecca E. and Horien, Corey L. and Saberski, Erik and Morgan, Owen P. and Touloumes, George J. and Chen, William C. and Spencer, Dennis D. and Gerrard, Jason L. and Blumenfeld, Hal},
	date = {2016-06},
}